%% This BibTeX bibliography file was created using BibDesk.
%% http://bibdesk.sourceforge.net/
McMaster University 2017 Solid Non‐Hazardous Waste Audit. Waste Reduction Group Inc, 2018, McMaster University 2017 Solid Non‐Hazardous Waste Audit.


@article{mcmasterwaste,
	Author = {Waste Reduction Group Inc},
	Date-Added = {2018-12-01 12:11:23 +0000},
	Date-Modified = {2018-12-01 12:11:23 +0000},
	Journal = {Waste Reduction Group Project P0769 Rev2},
	Title = {McMaster University 2017 Solid Non‐Hazardous Waste Audit},
	Year = {2018}}

@misc{litterati,
	Author = {Litterati, LLC},
	Title = {Litterati - A Litter Free World},
	Year = {2018}}
